@misc{web:moretests,
	author = "{User: gali2}",
	title = "{Samples of 8-Puzzle Start Boards}",
	year = "{2009}",
	howpublished = "{Heuristics Wiki}",
	url = "\url{http://heuristicswiki.wikispaces.com/Samples+of+8-Puzzle+Start+Boards}",
	note = "{Accessed: November 2014}"
}